% Encoding: UTF-8

@WWW{Google2019,
  author  = {Google},
  title   = {Cloud AutoML - Aangepaste modellen voor machine learning},
  year    = {2019},
  url     = {https://cloud.google.com/automl/?hl=nl},
  urldate = {2019-12-07},
}

@Article{ZophL2016,
  author        = {Barret Zoph and Quoc V. Le},
  title         = {Neural Architecture Search with Reinforcement Learning},
  journal       = {CoRR},
  year          = {2016},
  volume        = {abs/1611.01578},
  eprint        = {1611.01578},
  url           = {http://arxiv.org/abs/1611.01578},
  archiveprefix = {arXiv},
  bibsource     = {dblp computer science bibliography, https://dblp.org},
  biburl        = {https://dblp.org/rec/bib/journals/corr/ZophL16},
  timestamp     = {Mon, 13 Aug 2018 16:46:24 +0200},
}

@Article{Elsken2019,
  author  = {Thomas Elsken and Jan Hendrik Metzen and Frank Hutter},
  title   = {Neural Architecture Search: A Survey},
  journal = {Journal of Machine Learning Research},
  year    = {2019},
  volume  = {20},
  number  = {55},
  pages   = {1-21},
  url     = {http://jmlr.org/papers/v20/18-598.html},
}

@Book{Lievens2019,
  author = {Lievens, S.},
  title  = {ArtificiÃ«le Intelligentie, lesnota's},
  year   = {2019},
  date   = {2019-09-19},
}

@Online{Brust2019,
  author  = {Brust, A.},
  title   = {AutoML is democratizing and improving AI},
  year    = {2019},
  date    = {2019-03-11},
  url     = {https://www.zdnet.com/article/automl-democratizing-and-improving-ai/},
  urldate = {2019-12-08},
}

@Article{Claesen2015,
  author        = {Marc Claesen and Bart De Moor},
  title         = {Hyperparameter Search in Machine Learning},
  journal       = {CoRR},
  year          = {2015},
  volume        = {abs/1502.02127},
  eprint        = {1502.02127},
  url           = {http://arxiv.org/abs/1502.02127},
  archiveprefix = {arXiv},
  bibsource     = {dblp computer science bibliography, https://dblp.org},
  biburl        = {https://dblp.org/rec/bib/journals/corr/ClaesenM15},
  timestamp     = {Mon, 13 Aug 2018 16:48:58 +0200},
}

@WWW{Balter2015,
  author       = {Balter, B.},
  title        = {Open source license usage on GitHub.com},
  year         = {2015},
  date         = {2015-03-09},
  url          = {https://github.blog/2015-03-09-open-source-license-usage-on-github-com/},
  organization = {GitHub},
  urldate      = {2019-12-08},
}

@Comment{jabref-meta: databaseType:biblatex;}
